<?xml version="1.0" encoding="UTF-8"?><record xmlns="http://www.loc.gov/MARC21/slim" xmlns:cinclude="http://apache.org/cocoon/include/1.0" xmlns:zs="http://www.loc.gov/zing/srw/">
  <leader>00480cz  a2200157n  4500</leader>
  <controlfield tag="001">n  98107472 </controlfield>
  <controlfield tag="003">DLC</controlfield>
  <controlfield tag="005">19990519055124.2</controlfield>
  <controlfield tag="008">981204n| acannaab|          |a aaa      </controlfield>
  <datafield tag="010" ind1=" " ind2=" ">
    <subfield code="a">n  98107472 </subfield>
  </datafield>
  <datafield tag="035" ind1=" " ind2=" ">
    <subfield code="a">(OCoLC)oca04874673 </subfield>
  </datafield>
  <datafield tag="040" ind1=" " ind2=" ">
    <subfield code="a">DLC</subfield>
    <subfield code="c">DLC</subfield>
    <subfield code="d">InU</subfield>
  </datafield>
  <datafield tag="100" ind1="1" ind2="0">
    <subfield code="a">Boggs, J. S. G.</subfield>
    <subfield code="q">(James Stephen George)</subfield>
  </datafield>
  <datafield tag="400" ind1="1" ind2="0">
    <subfield code="a">Boggs, James Stephen George</subfield>
  </datafield>
  <datafield tag="670" ind1=" " ind2=" ">
    <subfield code="a">Boggs, 1999:</subfield>
    <subfield code="b">CIP pref. (J.S.G. Boggs; artist)</subfield>
  </datafield>
  <datafield tag="670" ind1=" " ind2=" ">
    <subfield code="a">Ph. call to pub., 12-04-98</subfield>
    <subfield code="b">(James Stephen George Boggs)</subfield>
  </datafield>
</record>